<record><leader>00000cas a22000007a 4500</leader><controlfield tag="001">65557401</controlfield><controlfield tag="008">060406c19899999vauwr ne      0    0eng d</controlfield><datafield ind1=" " ind2=" " tag="010"><subfield code="a">sn2006060599</subfield></datafield><datafield ind1=" " ind2=" " tag="040"><subfield code="a">NVK</subfield><subfield code="b">eng</subfield><subfield code="c">NVK</subfield><subfield code="d">OCLCQ</subfield><subfield code="d">OCLCF</subfield><subfield code="d">OCLCO</subfield></datafield><datafield ind1="1" ind2=" " tag="029"><subfield code="a">AU@</subfield><subfield code="b">000040190496</subfield></datafield><datafield ind1=" " ind2=" " tag="042"><subfield code="a">msc</subfield></datafield><datafield ind1=" " ind2=" " tag="043"><subfield code="a">n-us-va</subfield></datafield><datafield ind1="0" ind2=" " tag="130"><subfield code="a">Mount Vernon gazette (Mount Vernon, Va.)</subfield></datafield><datafield ind1="1" ind2="0" tag="245"><subfield code="a">Mount Vernon gazette.</subfield></datafield><datafield ind1=" " ind2=" " tag="260"><subfield code="a">McLean, Va. :</subfield><subfield code="b">Connection Pub.</subfield></datafield><datafield ind1=" " ind2=" " tag="310"><subfield code="a">Weekly</subfield></datafield><datafield ind1="1" ind2=" " tag="362"><subfield code="a">Began in 1989?</subfield></datafield><datafield ind1=" " ind2=" " tag="580"><subfield code="a">Connection Publishing, Inc. also publishes: the Reston Connection, the Herndon Connection, the Vienna/Oakton Connection, the McLean Connection, the Great Falls Connection, the Springfield Connection, the Burke Connection, the Fairfax Connection, the Fairfax Station Connection, the Arlington Connection, Centre View, the Alexandria Gazette Packet, the Loudoun Gazette, and the Potomac Almanac.</subfield></datafield><datafield ind1=" " ind2=" " tag="588"><subfield code="a">Description based on: Vol. 17, no. 1 (Jan. 5, 2006).</subfield></datafield><datafield ind1=" " ind2="0" tag="651"><subfield code="a">Mount Vernon (Va.)</subfield><subfield code="v">Newspapers.</subfield></datafield><datafield ind1=" " ind2="7" tag="655"><subfield code="a">Newspapers.</subfield><subfield code="2">fast</subfield><subfield code="0">(OCoLC)fst01423814</subfield></datafield><datafield ind1=" " ind2="7" tag="651"><subfield code="a">Virginia</subfield><subfield code="z">Mount Vernon.</subfield><subfield code="2">fast</subfield><subfield code="0">(OCoLC)fst01252957</subfield></datafield><datafield ind1=" " ind2=" " tag="752"><subfield code="a">United States</subfield><subfield code="b">Virginia</subfield><subfield code="c">Fairfax</subfield><subfield code="d">Mount Vernon.</subfield></datafield><datafield ind1="1" ind2=" " tag="775"><subfield code="t">Reston connection</subfield></datafield><datafield ind1="1" ind2=" " tag="775"><subfield code="t">Herndon connection</subfield></datafield><datafield ind1="1" ind2=" " tag="775"><subfield code="t">Vienna/Oakton connection</subfield></datafield><datafield ind1="1" ind2=" " tag="775"><subfield code="t">McLean connection</subfield></datafield><datafield ind1="1" ind2=" " tag="775"><subfield code="t">Great Falls connection</subfield></datafield><datafield ind1="1" ind2=" " tag="775"><subfield code="t">Springfield connection</subfield><subfield code="w">(DLC)sn 98068331</subfield></datafield><datafield ind1="1" ind2=" " tag="775"><subfield code="t">Burke connection</subfield></datafield><datafield ind1="1" ind2=" " tag="775"><subfield code="t">Arlington connection</subfield><subfield code="w">(DLC)sn2001061802</subfield></datafield><datafield ind1="1" ind2=" " tag="775"><subfield code="t">Fairfax Station connection</subfield></datafield><datafield ind1="1" ind2=" " tag="775"><subfield code="t">Loudoun connection</subfield><subfield code="w">(DLC)sn2006060510</subfield></datafield><datafield ind1="1" ind2=" " tag="775"><subfield code="t">Fairfax connection</subfield><subfield code="w">(DLC)sn2006060588</subfield></datafield><datafield ind1="1" ind2=" " tag="775"><subfield code="t">Alexandria gazette packet</subfield><subfield code="w">(DLC)sn 68068147</subfield></datafield><datafield ind1="1" ind2=" " tag="775"><subfield code="t">Centre view</subfield><subfield code="w">(DLC)sn2006060533</subfield></datafield><datafield ind1="1" ind2=" " tag="775"><subfield code="t">Potomac connection</subfield></datafield></record>